@inproceedings{fortuna2019hierarchically,
  title={A hierarchically-labeled portuguese hate speech dataset},
  author={Fortuna, Paula and da Silva, Joao Rocha and Wanner, Leo and Nunes, S{\'e}rgio and others},
  booktitle={Proceedings of the third workshop on abusive language online},
  pages={94--104},
  year={2019}
}

@article{vargas2021contextual,
  title={Contextual-lexicon approach for abusive language detection},
  author={Vargas, Francielle and de G{\'o}es, Fabiana Rodrigues and Carvalho, Isabelle and Benevenuto, Fabr{\'\i}cio and Pardo, Thiago Alexandre Salgueiro},
  journal={arXiv preprint arXiv:2104.12265},
  year={2021}
}
